<?xml version="1.0" encoding="UTF-8"?><record xmlns="http://www.loc.gov/MARC21/slim" xmlns:cinclude="http://apache.org/cocoon/include/1.0" xmlns:zs="http://www.loc.gov/zing/srw/">
  <leader>00539nz  a2200133n  4500</leader>
  <controlfield tag="001">no2001059845</controlfield>
  <controlfield tag="003">DLC</controlfield>
  <controlfield tag="005">20010731071050.0</controlfield>
  <controlfield tag="008">010730n| acannaabn          |n aaa     c</controlfield>
  <datafield tag="010" ind1=" " ind2=" ">
    <subfield code="a">no2001059845</subfield>
  </datafield>
  <datafield tag="035" ind1=" " ind2=" ">
    <subfield code="a">(OCoLC)oca05546431</subfield>
  </datafield>
  <datafield tag="040" ind1=" " ind2=" ">
    <subfield code="a">MdU</subfield>
    <subfield code="b">eng</subfield>
    <subfield code="c">MdU</subfield>
  </datafield>
  <datafield tag="100" ind1="1" ind2=" ">
    <subfield code="a">Fargus, Peter</subfield>
  </datafield>
  <datafield tag="670" ind1=" " ind2=" ">
    <subfield code="a">Measuring and improving employee motivation, 2000:</subfield>
    <subfield code="b">t.p. (Peter Fargus) p. v (chartered psychologist; trained as a management consultant ... in the 1980's; he and his wife work as a partnership, the Fargus Consulting Partnership, Harrogate, England)</subfield>
  </datafield>
</record>